@book{MR1727362,
  author    = {Ekeland, Ivar and T\'{e}mam, Roger},
  title     = {Convex analysis and variational problems},
  series    = {Classics in Applied Mathematics},
  volume    = {28},
  edition   = {English},
  note      = {Translated from the French},
  publisher = {Society for Industrial and Applied Mathematics (SIAM),
               Philadelphia, PA},
  year      = {1999},
  pages     = {xiv+402},
  isbn      = {0-89871-450-8},
  mrclass   = {49-02 (01A75 49J53 90C46)},
  mrnumber  = {1727362},
  doi       = {10.1137/1.9781611971088},
  url       = {https://doi.org/10.1137/1.9781611971088}
},

@article{MR0096552,
  author   = {Kantorovitch, L.},
  title    = {On the translocation of masses},
  journal  = {Management Sci.},
  fjournal = {Management Science. Journal of the Institute of Management
              Science. Application and Theory Series},
  volume   = {5},
  year     = {1958},
  pages    = {1--4},
  issn     = {0025-1909},
  mrclass  = {90.00},
  mrnumber = {96552},
  doi      = {10.1287/mnsc.5.1.1},
  url      = {https://doi.org/10.1287/mnsc.5.1.1}
}

@book{MR1491362,
  author     = {Rockafellar, R. Tyrrell and Wets, Roger J.-B.},
  title      = {Variational analysis},
  series     = {Grundlehren der mathematischen Wissenschaften [Fundamental
                Principles of Mathematical Sciences]},
  volume     = {317},
  publisher  = {Springer-Verlag, Berlin},
  year       = {1998},
  pages      = {xiv+733},
  isbn       = {3-540-62772-3},
  mrclass    = {49-02 (46N10 47N10 49J52 49K40 90C30)},
  mrnumber   = {1491362},
  mrreviewer = {Francis\ H.\ Clarke},
  doi        = {10.1007/978-3-642-02431-3},
  url        = {https://doi.org/10.1007/978-3-642-02431-3}
},

@article{MR4169482,
  author     = {Jacobs, Matt and L\'{e}ger, Flavien},
  title      = {A fast approach to optimal transport: the back-and-forth
                method},
  journal    = {Numer. Math.},
  fjournal   = {Numerische Mathematik},
  volume     = {146},
  year       = {2020},
  number     = {3},
  pages      = {513--544},
  issn       = {0029-599X,0945-3245},
  mrclass    = {65K10 (49M29 49N15 49Q22)},
  mrnumber   = {4169482},
  mrreviewer = {Jongho\ Park},
  doi        = {10.1007/s00211-020-01154-8},
  url        = {https://doi.org/10.1007/s00211-020-01154-8}
},

@article{MR4238775,
  author     = {Jacobs, Matt and Lee, Wonjun and L\'{e}ger, Flavien},
  title      = {The back-and-forth method for {W}asserstein gradient flows},
  journal    = {ESAIM Control Optim. Calc. Var.},
  fjournal   = {ESAIM. Control, Optimisation and Calculus of Variations},
  volume     = {27},
  year       = {2021},
  pages      = {Paper No. 28, 35},
  issn       = {1292-8119,1262-3377},
  mrclass    = {65M99 (49M29 49Q22 65K10)},
  mrnumber   = {4238775},
  mrreviewer = {Qing\ Fang},
  doi        = {10.1051/cocv/2021029},
  url        = {https://doi.org/10.1051/cocv/2021029}
}
